@book{cormen:matchings,
  title={Introduction To Algorithms. Third edtition.},
  author={Cormen, T.H. and Leiserson, C.E. and Rivest, R.L. and Stein, C.},
  isbn={9780262533058},
  series={Introduction to Algorithms},
  year={2009},
  publisher={MIT Press}
}

